@book {continuous_delivery,
  title = {Continuous Delivery: reliable software releases through build, test, and deployment automation},
  author = {Jez Humble and David Farley},
  year = {2010},
  publisher = {Addison-Wesley}
}

@book {site_reliability,
  title = {Site Reliability Engineering: how google runs production systems},
  author  = {Betsy Beyer and Chris Jones and Jennifer Petoff and Niall Richard Murphy},
  year  = {2016},
  publisher = {O'Reilly}
}

@article {borg_kubernetes,
  title = {Borg, Omega, and Kubernetes},
  author  = {Brendan Burns and Brian Grant and David Oppenheimer and Eric Brewer and John Wilkes},
  year  = {2016},
  journal = {ACM Queue},
  pages = {70--93},
  volume  = {14}
}

@inproceedings {borg,
  title = {Large-scale cluster management at {Google} with {Borg}},
  author  = {Abhishek Verma and Luis Pedrosa and Madhukar R. Korupolu and David Oppenheimer and Eric Tune and John Wilkes},
  year  = {2015},
  booktitle = {Proceedings of the European Conference on Computer Systems (EuroSys)},
}

@book {devops,
  title = {DevOps: a software architect's perspective},
  author = {Len Bass and Ingo Weber and Liming Zhu},
  year = {2015},
  publisher = {Addison-Wesley},
}
