@misc {docker_orientation,
  author = {Docker Docs},
  title = {Get Started Part 1: Orientation and setup},
  howpublished = {\url{https://docs.docker.com/get-started/}},
  note = {version 17.09, last visited 14.11.2017},
  keywords = {background}
}

@misc {docker_orientation,
  author = {Docker Docs},
  title = {Get Started, Part 2: Containers},
  howpublished = {\url{https://docs.docker.com/get-started/part2/}},
  note = {version 17.09, last visited 14.11.2017},
  keywords = {background}
}

@misc {pod,
  author = {CoreOS},
  title = {Overview of a Pod},
  howpublished = {\url{https://coreos.com/kubernetes/docs/latest/pods.html}},
  note = {last visited 14.11.2017},
  keywords = {background}
}

@misc {replicationcontroller,
  author = {CoreOS},
  title = {Overview of a Replication Controller},
  howpublished = {\url{https://coreos.com/kubernetes/docs/latest/replication-controller.html}},
  note = {last visited 14.11.2017},
  keywords = {background}
}

@misc {service,
  author = {CoreOS},
  title = {Overview of a Service},
  howpublished = {\url{https://coreos.com/kubernetes/docs/latest/services.html}},
  note = {last visited 14.11.2017},
  keywords = {background}
}

@misc {continuous_integration,
  author = {Martin Fowler},
  title = {Continuous Integration},
  howpublished = {\url{https://martinfowler.com/articles/continuousIntegration.html}},
  year = {2006},
  month = {5},
  note = {last visited 14.11.2017},
  keywords = {background}
}

@misc {kubernetes_architecture,
  author = {Kubernetes},
  title = {Kubernetes architecture},
  howpublished = {\url{https://github.com/kubernetes/kubernetes/blob/release-1.5/docs/design/architecture.md}},
  year = {2016},
  month = {10},
  note = {last visited 14.11.2017},
  keywords = {background}
}

@misc {docker,
  title = {Docker},
  howpublished = {\url{https://www.docker.com/}},
  note = {last visited 14.11.2017},
  keywords = {technologies}
}

@misc {kubernetes,
  title = {Kubernetes},
  howpublished = {\url{https://kubernetes.io/}},
  note = {last visited 14.11.2017},
  keywords = {technologies}
}

@misc {ruby,
  title = {Ruby},
  howpublished = {\url{https://www.ruby-lang.org/en/}},
  note = {last visited 14.11.2017},
  keywords = {technologies}
}

@misc {synthmonitoring,
  author = {Flávia Falé, Serge Gebhardt},
  title = {Synthetic Monitoring},
  howpublished = {\url{https://martinfowler.com/bliki/SyntheticMonitoring.html}},
  year = {2017},
  month = {1},
  note = {last visited 14.11.2017},
  keywords = {related}
}

@book {continuous_delivery,
  title = {Continuous Delivery: reliable software releases through build, test, and deployment automation},
  author = {Jez Humble and David Farley},
  year = {2010},
  publisher = {Addison-Wesley}
}

@book {continuous_delivery2,
  title = {Continuous Delivery: der pragmatische Einstieg},
  author = {Eberhard Wolff},
  year = {2016},
  edition = {2.},
  publisher = {dpunkt.verlag}
}

@book {site_reliability,
  title = {Site Reliability Engineering: how google runs production systems},
  author = {Betsy Beyer and Chris Jones and Jennifer Petoff and Niall Richard Murphy},
  year  = {2016},
  publisher = {O'Reilly}
}

@article {borg_kubernetes,
  title = {Borg, Omega, and Kubernetes},
  author  = {Brendan Burns and Brian Grant and David Oppenheimer and Eric Brewer and John Wilkes},
  year  = {2016},
  journal = {ACM Queue},
  pages = {70--93},
  volume  = {14}
}

@inproceedings {borg,
  title = {Large-scale cluster management at {Google} with {Borg}},
  author  = {Abhishek Verma and Luis Pedrosa and Madhukar R. Korupolu and David Oppenheimer and Eric Tune and John Wilkes},
  year  = {2015},
  booktitle = {Proceedings of the European Conference on Computer Systems (EuroSys)},
}

@book {devops,
  title = {DevOps: a software architect's perspective},
  author = {Len Bass and Ingo Weber and Liming Zhu},
  year = {2015},
  publisher = {Addison-Wesley},
}

@book {infra_as_code,
  title = {Infrastructure as code : managing servers in the cloud},
  author = {Kief Morris},
  year = {2016},
  publisher = {O'Reilly},
}
